<?xml version="1.0" encoding="UTF-8"?><collection xmlns="http://www.loc.gov/MARC21/slim"><record><leader>00417nam--2200133-i-4500</leader><controlfield tag="001">000042822</controlfield><controlfield tag="002">20161230</controlfield><controlfield tag="005">20161230201043</controlfield><controlfield tag="008">060222s1000------------r-----000-0-eng-d</controlfield><datafield ind1=" " ind2=" " tag="100"><subfield code="a">/S.A.</subfield></datafield><datafield ind1=" " ind2=" " tag="260"><subfield code="a">Tabellen Zur Strukturaufklarung Organischer Verbindungen Mit Spectroskopischen Methoden. 2-te Uberarb.Aufl</subfield></datafield><datafield ind1=" " ind2=" " tag="490"><subfield code="a">Berlin, Springer-verlag, 1981, /P.Dif.</subfield></datafield><datafield ind1=" " ind2=" " tag="700"><subfield code="a">Pretsch, Erno</subfield></datafield><datafield ind1=" " ind2=" " tag="852"><subfield code="a">543.42:547:539.143.43</subfield></datafield></record></collection>